<?xml version="1.0" encoding="UTF-8"?>
<record xmlns="http://www.loc.gov/MARC21/slim">
   <leader>01830cam a2200289Li 4500</leader>
   <controlfield tag="001">5842327</controlfield>
   <controlfield tag="003">NjP</controlfield>
   <controlfield tag="005">20181212203806.0</controlfield>
   <controlfield tag="008">000915s1870    ir            000 0 ara d</controlfield>
   <datafield tag="024" ind1="7" ind2=" ">
      <subfield code="a">princeton_aco004886</subfield>
      <subfield code="2">local</subfield>
   </datafield>
   <datafield ind1=" " ind2=" " tag="035">
      <subfield code="a">(OCoLC)ocn145082186</subfield>
   </datafield>
   <datafield ind1=" " ind2=" " tag="035">
      <subfield code="a">(OCoLC)145082186</subfield>
   </datafield>
   <datafield ind1=" " ind2=" " tag="040">
      <subfield code="a">CtY</subfield>
      <subfield code="c">YUS</subfield>
      <subfield code="d">OCLCG</subfield>
   </datafield>
   <datafield ind1=" " ind2=" " tag="066">
      <subfield code="c">(3</subfield>
   </datafield>
   <datafield ind1="1" ind2=" " tag="100">
      <subfield code="6">880-01</subfield>
      <subfield code="a">Sibṭ ibn al-Jawzī, Yūsuf ibn Qizughlī,</subfield>
      <subfield code="d">1186 or 1187-1257.</subfield>
      <subfield code="0">http://id.loc.gov/authorities/names/n85038120</subfield>
   </datafield>
   <datafield ind1="1" ind2="0" tag="240">
      <subfield code="6">880-02</subfield>
      <subfield code="a">Tadhkirat khawāṣṣ al-ummah fī maʻrifat al-aʼimmah</subfield>
   </datafield>
   <datafield ind1="1" ind2="0" tag="245">
      <subfield code="6">880-03</subfield>
      <subfield code="a">Hādhā kitāb Tadhkirat khawāṣṣ al-ummah fī maʻrifat al-aʼimmah /</subfield>
      <subfield code="c">taʼlīf Yūsuf Sibṭ ... Abī al-Faraj ʻAbd al-Raḥmān ibn al-Jawzī.</subfield>
   </datafield>
   <datafield ind1="3" ind2="6" tag="246">
      <subfield code="a">Tadhkirat khawāṣṣ al-ummah fī maʻrifat al-aʼimmah</subfield>
   </datafield>
   <datafield ind1=" " ind2=" " tag="260">
      <subfield code="6">880-04</subfield>
      <subfield code="a">[Tehran :</subfield>
      <subfield code="b">s.n.],</subfield>
      <subfield code="c">1287 [1870]</subfield>
   </datafield>
   <datafield ind1=" " ind2=" " tag="300">
      <subfield code="a">213, 92 p. ;</subfield>
      <subfield code="c">36 cm.</subfield>
   </datafield>
   <datafield ind1=" " ind2=" " tag="500">
      <subfield code="a">History of ʻAlī ibn Abī Ṭālib, his family, and the twelve imams. Followed (91p.) by Maṭālib al-suʼūl fī manākib āl al-Rasūl (on the same subject) byMuḥammad ibn Ṭalḥah al-ʻAdawī.</subfield>
   </datafield>
   <datafield ind1=" " ind2="0" tag="650">
      <subfield code="a">Lithographed books.</subfield>
      <subfield code="0">http://id.loc.gov/authorities/subjects/sh91001858</subfield>
   </datafield>
   <datafield ind1="0" ind2="0" tag="600">
      <subfield code="a">ʻAlī ibn Abī Ṭālib,</subfield>
      <subfield code="c">Caliph,</subfield>
      <subfield code="d">approximately 600-661.</subfield>
      <subfield code="0">http://id.loc.gov/authorities/names/n50039100</subfield>
   </datafield>
   <datafield ind1="1" ind2=" " tag="880">
      <subfield code="6">100-01/(3/r</subfield>
      <subfield code="a">سبط بن الجوزي، يوسف بن قزغلي.</subfield>
   </datafield>
   <datafield ind1="1" ind2="0" tag="880">
      <subfield code="6">240-02/(3/r</subfield>
      <subfield code="a">تذكرة خواص الأمة في معرفة الأئمة</subfield>
   </datafield>
   <datafield ind1="1" ind2="0" tag="880">
      <subfield code="6">245-03/(3/r</subfield>
      <subfield code="a">هذا كتاب تذكرة خواص الأمة في معرفة الأئمة /</subfield>
      <subfield code="c">تأليف يوسف سبط ... أبي الفرج عبد الرحمن بن الجوزي.</subfield>
   </datafield>
   <datafield ind1=" " ind2=" " tag="880">
      <subfield code="6">260-04/(3/r</subfield>
      <subfield code="a">[تهران :</subfield>
      <subfield code="b">د.ن.]،</subfield>
      <subfield code="c">1287 [1870]</subfield>
   </datafield>
   <datafield ind1=" " ind2=" " tag="902">
      <subfield code="a">pk</subfield>
      <subfield code="b">r</subfield>
      <subfield code="6">a</subfield>
      <subfield code="7">m</subfield>
      <subfield code="d">v</subfield>
      <subfield code="f">0</subfield>
      <subfield code="e">20090715</subfield>
   </datafield>
   <datafield ind1="0" ind2="1" tag="852">
      <subfield code="0">1107556</subfield>
      <subfield code="b">nec</subfield>
      <subfield code="t">1</subfield>
      <subfield code="c">Oversize</subfield>
      <subfield code="h">BP193.1.A3</subfield>
      <subfield code="i">S538 1870q</subfield>
   </datafield>
   <datafield ind1=" " ind2="0" tag="866">
      <subfield code="0">1107556</subfield>
      <subfield code="8">0</subfield>
      <subfield code="z">Original copy.</subfield>
   </datafield>
   <datafield ind1=" " ind2=" " tag="959">
      <subfield code="a">2000-06-13 00:00:00 -0400</subfield>
   </datafield>
</record>
